@inproceedings{cav13,
  author    = {Cezara Dragoi and
               Ashutosh Gupta and
               Thomas A. Henzinger},
  title     = {Automatic Linearizability Proofs of Concurrent Objects with Cooperating
               Updates},
  booktitle = {{CAV}},
  series    = {Lecture Notes in Computer Science},
  volume    = {8044},
  pages     = {174--190},
  publisher = {Springer},
  year      = {2013}
}

@inproceedings{mine15,
  author    = {Thibault Suzanne and
               Antoine Min{\'{e}}},
  title     = {Relational Thread-Modular Abstract Interpretation Under Relaxed Memory
               Models},
  booktitle = {{APLAS}},
  series    = {Lecture Notes in Computer Science},
  volume    = {11275},
  pages     = {109--128},
  publisher = {Springer},
  year      = {2018}
}

@inproceedings{Vafeiadis09,
  author    = {Viktor Vafeiadis},
  title     = {Shape-Value Abstraction for Verifying Linearizability},
  booktitle = {{VMCAI}},
  series    = {Lecture Notes in Computer Science},
  volume    = {5403},
  pages     = {335--348},
  publisher = {Springer},
  year      = {2009}
}


@inproceedings{LiBCR17,
  author    = {Huisong Li and
               Francois Berenger and
               Bor{-}Yuh Evan Chang and
               Xavier Rival},
  title     = {Semantic-directed clumping of disjunctive abstract states},
  booktitle = {{POPL}},
  pages     = {32--45},
  publisher = {{ACM}},
  year      = {2017}
}

@article{SagivRW02,
  author    = {Shmuel Sagiv and
               Thomas W. Reps and
               Reinhard Wilhelm},
  title     = {Parametric shape analysis via 3-valued logic},
  journal   = {{ACM} Trans. Program. Lang. Syst.},
  volume    = {24},
  number    = {3},
  pages     = {217--298},
  year      = {2002}
}

@inproceedings{threadmodular,
  author    = {Josh Berdine and
               Tal Lev{-}Ami and
               Roman Manevich and
               G. Ramalingam and
               Shmuel Sagiv},
  title     = {Thread Quantification for Concurrent Shape Analysis},
  booktitle = {{CAV}},
  series    = {Lecture Notes in Computer Science},
  volume    = {5123},
  pages     = {399--413},
  publisher = {Springer},
  year      = {2008}
}


@inproceedings{ShavitZ98,
  author    = {Nir Shavit and
               Asaph Zemach},
  title     = {Combining Funnels: {A} New Twist on an Old Tale..},
  booktitle = {{PODC}},
  pages     = {61--70},
  publisher = {{ACM}},
  year      = {1998}
}


@inproceedings{disc15,
  author    = {Nir Hemed and
               Noam Rinetzky and
               Viktor Vafeiadis},
  title     = {Modular Verification of Concurrency-Aware Linearizability},
  booktitle = {{DISC}},
  series    = {Lecture Notes in Computer Science},
  volume    = {9363},
  pages     = {371--387},
  publisher = {Springer},
  year      = {2015}
}


@inproceedings{vv1,
  author    = {Viktor Vafeiadis},
  title     = {Automatically Proving Linearizability},
  booktitle = {{CAV}},
  series    = {Lecture Notes in Computer Science},
  volume    = {6174},
  pages     = {450--464},
  publisher = {Springer},
  year      = {2010}
}

@inproceedings{vv2,
  author    = {Viktor Vafeiadis},
  title     = {RGSep Action Inference},
  booktitle = {{VMCAI}},
  series    = {Lecture Notes in Computer Science},
  volume    = {5944},
  pages     = {345--361},
  publisher = {Springer},
  year      = {2010}
}


@inproceedings{pldi11,
  author    = {Ahmed Bouajjani and
               Cezara Dragoi and
               Constantin Enea and
               Mihaela Sighireanu},
  title     = {On inter-procedural analysis of programs with lists and data},
  booktitle = {Proceedings of the 32nd {ACM} {SIGPLAN} Conference on Programming
               Language Design and Implementation, {PLDI} 2011, San Jose, CA, USA,
               June 4-8, 2011},
  pages     = {578--589},
  year      = {2011}
}

@inproceedings{ee2,
  author    = {Ahmed Bouajjani and
               Michael Emmi and
               Constantin Enea and
               Suha Orhun Mutluergil},
  title     = {Proving Linearizability Using Forward Simulations},
  booktitle = {{CAV} {(2)}},
  series    = {Lecture Notes in Computer Science},
  volume    = {10427},
  pages     = {542--563},
  publisher = {Springer},
  year      = {2017}
}
@inproceedings{ee3,
  author    = {Ahmed Bouajjani and
               Constantin Enea and
               Chao Wang},
  title     = {Checking Linearizability of Concurrent Priority Queues},
  booktitle = {{CONCUR}},
  series    = {LIPIcs},
  volume    = {85},
  pages     = {16:1--16:16},
  publisher = {Schloss Dagstuhl - Leibniz-Zentrum fuer Informatik},
  year      = {2017}
}

@inproceedings{ee1,
  author    = {Ahmed Bouajjani and
               Michael Emmi and
               Constantin Enea and
               Jad Hamza},
  title     = {On Reducing Linearizability to State Reachability},
  booktitle = {{ICALP} {(2)}},
  series    = {Lecture Notes in Computer Science},
  volume    = {9135},
  pages     = {95--107},
  publisher = {Springer},
  year      = {2015}
}

@inproceedings{vv3,
  author    = {Thomas Dinsdale{-}Young and
               Mike Dodds and
               Philippa Gardner and
               Matthew J. Parkinson and
               Viktor Vafeiadis},
  title     = {Concurrent Abstract Predicates},
  booktitle = {{ECOOP}},
  series    = {Lecture Notes in Computer Science},
  volume    = {6183},
  pages     = {504--528},
  publisher = {Springer},
  year      = {2010}
}

@inproceedings{msqueue,
  author    = {Maged M. Michael and
               Michael L. Scott},
  title     = {Simple, Fast, and Practical Non-Blocking and Blocking Concurrent Queue
               Algorithms},
  booktitle = {{PODC}},
  pages     = {267--275},
  publisher = {{ACM}},
  year      = {1996}
}

@inproceedings{elimination,
  author    = {Danny Hendler and
               Nir Shavit and
               Lena Yerushalmi},
  title     = {A scalable lock-free stack algorithm},
  booktitle = {{SPAA}},
  pages     = {206--215},
  publisher = {{ACM}},
  year      = {2004}
}
