@article{DBLP:journals/lisp/Mine06,
  author    = {Antoine Min{\'{e}}},
  title     = {The octagon abstract domain},
  journal   = {Higher-Order and Symbolic Computation},
  volume    = {19},
  number    = {1},
  pages     = {31--100},
  year      = {2006}
}

@inproceedings{DBLP:conf/spaa/HendlerSY04,
  author    = {Danny Hendler and
               Nir Shavit and
               Lena Yerushalmi},
  title     = {A scalable lock-free stack algorithm},
  booktitle = {{SPAA}},
  pages     = {206--215},
  publisher = {{ACM}},
  year      = {2004}
}

@inproceedings{DBLP:conf/popl/CousotH78,
  author    = {Patrick Cousot and
               Nicolas Halbwachs},
  title     = {Automatic Discovery of Linear Restraints Among Variables of a Program},
  booktitle = {{POPL}},
  pages     = {84--96},
  publisher = {{ACM} Press},
  year      = {1978}
}
